<collection xmlns="http://www.loc.gov/MARC21/slim">
   <record>
      <leader>05681cam a2200505 i 45 0</leader>
      <controlfield tag="001">6552921</controlfield>
      <controlfield tag="003">OCoLC</controlfield>
      <controlfield tag="005">20150106121844.0</controlfield>
      <controlfield tag="008">140624s2015    nyu      b    001 0 eng  </controlfield>
      <datafield ind1=" " ind2=" " tag="010">
         <subfield code="a">  2014025090</subfield>
      </datafield>
      <datafield ind1=" " ind2=" " tag="020">
         <subfield code="a">9781462516186 (hardback : acid-free paper)</subfield>
      </datafield>
      <datafield ind1=" " ind2=" " tag="020">
         <subfield code="a">1462516181 (hardback : acid-free paper)</subfield>
      </datafield>
      <datafield ind1=" " ind2=" " tag="035">
         <subfield code="a">ocn864504112</subfield>
      </datafield>
      <datafield ind1=" " ind2=" " tag="040">
         <subfield code="a">DLC</subfield>
         <subfield code="b">eng</subfield>
         <subfield code="e">rda</subfield>
         <subfield code="c">DLC</subfield>
         <subfield code="d">BTCTA</subfield>
         <subfield code="d">YDXCP</subfield>
         <subfield code="d">LGG</subfield>
         <subfield code="d">SPB</subfield>
         <subfield code="d">CDX</subfield>
         <subfield code="d">AGPC</subfield>
      </datafield>
      <datafield ind1=" " ind2=" " tag="042">
         <subfield code="a">pcc</subfield>
      </datafield>
      <datafield ind1="0" ind2="0" tag="050">
         <subfield code="a">RJ504</subfield>
         <subfield code="b">.W535 2015</subfield>
      </datafield>
      <datafield ind1="0" ind2="0" tag="082">
         <subfield code="a">618.92/8914</subfield>
         <subfield code="2">23</subfield>
      </datafield>
      <datafield ind1=" " ind2=" " tag="084">
         <subfield code="a">PSY006000</subfield>
         <subfield code="a">MED105010</subfield>
         <subfield code="a">SOC025000</subfield>
         <subfield code="a">PSY007000</subfield>
         <subfield code="2">bisacsh</subfield>
      </datafield>
      <datafield ind1=" " ind2=" " tag="090">
         <subfield code="a">RJ 504 W545 2015</subfield>
         <subfield code="b">AFMK</subfield>
      </datafield>
      <datafield ind1=" " ind2=" " tag="090">
         <subfield code="a">RJ 504 W545 2015</subfield>
         <subfield code="b">AGPC</subfield>
      </datafield>
      <datafield ind1="1" ind2=" " tag="100">
         <subfield code="a">Fonagy, Peter,</subfield>
         <subfield code="d">1952-</subfield>
         <subfield code="0">http://id.loc.gov/authorities/names/n84130097</subfield>
         <subfield code="0">http://viaf.org/viaf/108675304</subfield>
      </datafield>
      <datafield ind1="1" ind2="0" tag="245">
         <subfield code="a">What works for whom? :</subfield>
         <subfield code="b">a critical review of treatments for children and adolescents /</subfield>
         <subfield code="c">Peter Fonagy [and five others].</subfield>
      </datafield>
      <datafield ind1=" " ind2=" " tag="250">
         <subfield code="a">Second edition.</subfield>
      </datafield>
      <datafield ind1=" " ind2="1" tag="264">
         <subfield code="a">New York :</subfield>
         <subfield code="b">The Guilford Press,</subfield>
         <subfield code="c">[2015]</subfield>
      </datafield>
      <datafield ind1=" " ind2="4" tag="264">
         <subfield code="c">©2015.</subfield>
      </datafield>
      <datafield ind1=" " ind2=" " tag="300">
         <subfield code="a">xvi, 639 pages ;</subfield>
         <subfield code="c">25 cm</subfield>
      </datafield>
      <datafield ind1=" " ind2=" " tag="336">
         <subfield code="a">text</subfield>
         <subfield code="2">rdacontent</subfield>
         <subfield code="0">http://id.loc.gov/vocabulary/contentTypes/txt</subfield>
      </datafield>
      <datafield ind1=" " ind2=" " tag="337">
         <subfield code="a">unmediated</subfield>
         <subfield code="2">rdamedia</subfield>
         <subfield code="0">http://id.loc.gov/vocabulary/mediaTypes/n</subfield>
      </datafield>
      <datafield ind1=" " ind2=" " tag="338">
         <subfield code="a">volume</subfield>
         <subfield code="2">rdacarrier</subfield>
         <subfield code="0">http://id.loc.gov/vocabulary/carriers/nc</subfield>
      </datafield>
      <datafield ind1=" " ind2=" " tag="500">
         <subfield code="a">Revision of: What works for whom? / Peter Fonagy ... [et al.] ; with contributions from Arabella Kurtz, Kathy Leach, and Liz Allison. c2002.</subfield>
      </datafield>
      <datafield ind1=" " ind2=" " tag="504">
         <subfield code="a">Includes bibliographical references (pages 497-620) and index.</subfield>
      </datafield>
      <datafield ind1="0" ind2=" " tag="505">
         <subfield code="a">1. Introduction -- 2. Anxiety Disorders -- 3. Depressive Disorders -- 4. Disturbance of Conduct in Children under 11 Years of Age -- 5. Disturbance of Conduct in Adolescents -- 6. Attention-Deficit/Hyperactivity Disorder -- 7. Tourette Syndrome -- 8. Psychotic Disorders -- 9. Pervasive Developmental Disorders -- 10. Self-Injurious Behavior -- 11. Eating Disorders -- 12. Substance Use Disorders -- 13. Children with Physical Symptoms -- 14. Specific Developmental Disorders -- 15. Child Maltreatment -- 16. Summary of Findings and Discussion -- References -- Index.</subfield>
      </datafield>
      <datafield ind1=" " ind2=" " tag="520">
         <subfield code="a">"The standard reference in the field, this acclaimed work synthesizes findings from hundreds of carefully selected studies of mental health treatments for children and adolescents. Chapters on frequently encountered clinical problems systematically review the available data, identify gaps in what is known, and spell out recommendations for evidence-based practice. The authors draw on extensive clinical experience as well as research expertise. Showcasing the most effective psychosocial and pharmacological interventions for young patients, they also address challenges in translating research into real-world clinical practice. New to This Edition *Incorporates over a decade of research advances and evolving models of evidence-based care. *New chapter topic: child maltreatment. *Separate chapters on self-injurious behavior, eating disorders, and substance use disorders (previously covered in a single chapter on self-harming disorders). *Expanded chapters on depression, anxiety, and conduct disorder. *Includes reviews of the expanding range of manualized psychosocial "treatment packages" for children. "--</subfield>
         <subfield code="c">Provided by publisher.</subfield>
      </datafield>
      <datafield ind1=" " ind2=" " tag="520">
         <subfield code="a">"The standard reference in the field, this acclaimed work synthesizes findings from hundreds of carefully selected studies of mental health treatments for children and adolescents. Chapters on frequently encountered clinical problems systematically review the available data, identify gaps in what is known, and spell out recommendations for evidence-based practice. The authors draw on extensive clinical experience as well as research expertise. Showcasing the most effective psychosocial and pharmacological interventions for young patients, they also address challenges in translating research into real-world clinical practice. New to This Edition *Incorporates over a decade of research advances and evolving models of evidence-based care. *New chapter topic: child maltreatment. *Separate chapters on self-injurious behavior, eating disorders, and substance use disorders (previously covered in a single chapter on self-harming disorders). *Expanded chapters on depression, anxiety, and conduct disorder. *Includes reviews of the expanding range of manualized psychosocial "treatment packages" for children. Subject Areas/Keywords: adolescents, behavioral, children, effectiveness, emotional, evidence-based practice, evidence-based treatments, interventions, mental health treatments, outcomes, psychological disorders, psychopharmacology, psychosocial, psychotherapy research, treatment planning Audience: Researchers, practitioners, and students in child clinical psychology, child and adolescent psychiatry, and clinical social work. "--</subfield>
         <subfield code="c">Provided by publisher.</subfield>
      </datafield>
      <datafield ind1=" " ind2=" " tag="596">
         <subfield code="a">8 28</subfield>
      </datafield>
      <datafield ind1=" " ind2="0" tag="650">
         <subfield code="a">Psychiatry</subfield>
         <subfield code="x">Differential therapeutics.</subfield>
         <subfield code="0">http://id.loc.gov/authorities/subjects/sh85108384</subfield>
      </datafield>
      <datafield ind1=" " ind2="0" tag="650">
         <subfield code="a">Psychotherapy</subfield>
         <subfield code="x">Evaluation.</subfield>
         <subfield code="0">http://id.loc.gov/authorities/subjects/sh98003133</subfield>
      </datafield>
      <datafield ind1=" " ind2="0" tag="650">
         <subfield code="a">Psychotherapy</subfield>
         <subfield code="x">Research.</subfield>
         <subfield code="0">http://id.loc.gov/authorities/subjects/sh85108521</subfield>
      </datafield>
      <datafield ind1="1" ind2="2" tag="650">
         <subfield code="a">Mental Disorders</subfield>
         <subfield code="x">therapy</subfield>
         <subfield code="v">Review.</subfield>
      </datafield>
      <datafield ind1="2" ind2="2" tag="650">
         <subfield code="a">Psychotherapy</subfield>
         <subfield code="x">methods</subfield>
         <subfield code="v">Review.</subfield>
      </datafield>
      <datafield ind1="2" ind2="2" tag="650">
         <subfield code="a">Treatment Outcome</subfield>
         <subfield code="v">Review.</subfield>
      </datafield>
      <datafield ind1=" " ind2=" " tag="758">
         <subfield code="0">http://worldcat.org/entity/work/id/10319823</subfield>
      </datafield>
      <datafield ind1="0" ind2=" " tag="787">
         <subfield code="n">OCLC Work Id</subfield>
         <subfield code="o">http://worldcat.org/entity/work/id/10319823</subfield>
      </datafield>
      <datafield ind1=" " ind2=" " tag="926">
         <subfield code="a">RJ 504 W545 2015</subfield>
         <subfield code="w">LC</subfield>
         <subfield code="c">1</subfield>
         <subfield code="i">31847001267985</subfield>
         <subfield code="d">4/7/2017</subfield>
         <subfield code="e">4/2/2017</subfield>
         <subfield code="l">ON_SHELF</subfield>
         <subfield code="m">GPRC_GP</subfield>
         <subfield code="n">12</subfield>
         <subfield code="p">$150.00</subfield>
         <subfield code="r">Y</subfield>
         <subfield code="s">Y</subfield>
         <subfield code="t">BOOK</subfield>
         <subfield code="u">4/28/2014</subfield>
      </datafield>
      <datafield ind1=" " ind2=" " tag="926">
         <subfield code="a">RJ 504 W545 2015</subfield>
         <subfield code="w">LC</subfield>
         <subfield code="c">1</subfield>
         <subfield code="i">34917001374490</subfield>
         <subfield code="l">ON_SHELF</subfield>
         <subfield code="m">KEYANO</subfield>
         <subfield code="p">$71.25</subfield>
         <subfield code="r">Y</subfield>
         <subfield code="s">Y</subfield>
         <subfield code="t">BOOK</subfield>
         <subfield code="u">2/13/2015</subfield>
         <subfield code="o">.STAFF. Rec'd Mar/15 MW</subfield>
      </datafield>
   </record>
</collection>
